<record><leader>00000cas a2200000 a 4500</leader><controlfield tag="001">12008651</controlfield><controlfield tag="008">850508c18719999tnuwr ne      0    0eng d</controlfield><datafield ind1=" " ind2=" " tag="010"><subfield code="a">sn 85033484 </subfield></datafield><datafield ind1=" " ind2=" " tag="040"><subfield code="a">NPU</subfield><subfield code="b">eng</subfield><subfield code="c">NPU</subfield><subfield code="d">NPX</subfield><subfield code="d">KNP</subfield><subfield code="d">MGN</subfield><subfield code="d">TGN</subfield><subfield code="d">OCL</subfield><subfield code="d">OCLCQ</subfield><subfield code="d">OCLCF</subfield><subfield code="d">OCLCO</subfield></datafield><datafield ind1="1" ind2=" " tag="029"><subfield code="a">AU@</subfield><subfield code="b">000020271031</subfield></datafield><datafield ind1=" " ind2=" " tag="042"><subfield code="a">msc</subfield></datafield><datafield ind1=" " ind2=" " tag="043"><subfield code="a">n-us-tn</subfield></datafield><datafield ind1="0" ind2="0" tag="245"><subfield code="a">Marshall gazette.</subfield></datafield><datafield ind1=" " ind2=" " tag="260"><subfield code="a">Lewisburg, Tenn. :</subfield><subfield code="b">Figuers, Binford &amp; Brandon</subfield></datafield><datafield ind1=" " ind2=" " tag="300"><subfield code="a">v. ;</subfield><subfield code="c">61 cm.</subfield></datafield><datafield ind1=" " ind2=" " tag="310"><subfield code="a">Weekly,</subfield><subfield code="b">&lt;Aug. 6&gt;, 1915-</subfield></datafield><datafield ind1=" " ind2=" " tag="321"><subfield code="a">Weekly,</subfield><subfield code="b">1871-Mar. 16, 1905</subfield></datafield><datafield ind1=" " ind2=" " tag="321"><subfield code="a">Semiweekly,</subfield><subfield code="b">Mar. 21, 1905-July &lt;23&gt;, 1915</subfield></datafield><datafield ind1="1" ind2=" " tag="362"><subfield code="a">Began with Feb. 3, 1871 issue.</subfield></datafield><datafield ind1=" " ind2=" " tag="500"><subfield code="a">Publishers: Figuers, Binford &amp; Brandon, 1871; Cowden &amp; Brandon, &lt;1871&gt;; Ewing, Armstrong &amp; Kercheval, &lt;1873&gt;; Ewing &amp; Kercheval, &lt;1875-1909&gt;; J.N. (Jim)--McCord, &lt;1915&gt;-1951; Jim McCord, Stanley Boren &amp; Mrs. George Rutledge, 1951-1962; Thomas H. Hawkins, [Jr.], 1962-1973; Thomas H. Hawkins, Jr., James M. Hawkins, &amp; Thomas H Hawkins, III, 1973-</subfield></datafield><datafield ind1=" " ind2=" " tag="500"><subfield code="a">Editors: G.W. Ewing, &lt;1875&gt;.</subfield></datafield><datafield ind1=" " ind2=" " tag="515"><subfield code="a">Volume numbering is irregular.</subfield></datafield><datafield ind1=" " ind2=" " tag="588"><subfield code="a">Description based on: Vol. 1, no. 6 (Mar. 10, 1871).</subfield></datafield><datafield ind1=" " ind2="0" tag="651"><subfield code="a">Lewisburg (Tenn.)</subfield><subfield code="v">Newspapers.</subfield></datafield><datafield ind1=" " ind2="0" tag="651"><subfield code="a">Marshall County (Tenn.)</subfield><subfield code="v">Newspapers.</subfield></datafield><datafield ind1=" " ind2="7" tag="655"><subfield code="a">Newspapers.</subfield><subfield code="2">fast</subfield><subfield code="0">(OCoLC)fst01423814</subfield></datafield><datafield ind1=" " ind2="7" tag="651"><subfield code="a">Tennessee</subfield><subfield code="z">Lewisburg.</subfield><subfield code="2">fast</subfield><subfield code="0">(OCoLC)fst01227041</subfield></datafield><datafield ind1=" " ind2="7" tag="651"><subfield code="a">Tennessee</subfield><subfield code="z">Marshall County.</subfield><subfield code="2">fast</subfield><subfield code="0">(OCoLC)fst01222876</subfield></datafield><datafield ind1=" " ind2=" " tag="752"><subfield code="a">United States</subfield><subfield code="b">Tennessee</subfield><subfield code="c">Marshall</subfield><subfield code="d">Lewisburg.</subfield></datafield></record>